

@proceedings{IJCAI2011,
 editor = {Walsh, Toby},
 title = {IJCAI'11: Proceedings of the Twenty-Second International Joint Conference on Artificial Intelligence - Volume Volume Two},
 year = {2011},
 isbn = {978-1-57735-514-4},
 location = {Barcelona, Catalonia, Spain},
 publisher = {AAAI Press},
} 


@inproceedings{Gama-VFDR,
  author = {Gama, Jo\~{a}o and Kosina, Petr},
  title = {Learning Decision Rules from Data Streams},
  booktitle = {Proceedings of the Twenty-Second International Joint Conference on Artificial Intelligence - Volume Two},
  series = {IJCAI'11},
  year = {2011},
  isbn = {978-1-57735-514-4},
  location = {Barcelona, Catalonia, Spain},
  pages = {1255--1260},
  numpages = {6},
  url = {http://dx.doi.org/10.5591/978-1-57735-516-8/IJCAI11-213},
  doi = {10.5591/978-1-57735-516-8/IJCAI11-213},
  acmid = {2283606},
  publisher = {AAAI Press},
  keywords = {data streams, rule learning},
  COMcrossref	= {IJCAI2011},
  annote = {Présentation et évaluation du système \texttt{VFDR-Base}}
} 


@inbook{dtrees:rokach2005,
	title	=	{Decision Trees},
	author	=	{L. Rokach and O. Maimon},
	chapter	=	9,
	crossref=	{rokach2005},
    annote = 	{Critères de partitionnement univariés pour les arbres de décision (entropie, gain d'information et autres critères basés sur l'impureté)}
}

@book{rokach2005,
	title	=	{Data Mining and Knowledge Discovery Handbook},
	editor	= 	{L. Rokach and O. Maimon},
	publisher=	{Springer US},
	year	=	2005
}
	
@inbook{dtrees:intro-datam2005,
	title	=	{Classification: Basic concepts, decision trees, and model evaluation},
	chapter	=	4,
	pages	=	{158--164},
	crossref=	{intro-datam2005},
	annote	=	{Critères de partitionnement pour les arbres de décision}
}


@book{intro-datam2005,
	title	=	{Introduction to {D}ata {M}ining},
	author	=	{Tan, Pang-Ning and Steinbach, Michael and Kumar, Vipin},
	publisher=	{Addison-Wesley Longman Publishing Co., Inc.},
	address = 	{Boston, MA, USA},
	year	=	2005,
	edition	=	1,
	ISBN	=	{0321321367},
}


@proceedings{kdd2000,
	title	=	{Proceedings of the sixth ACM SIGKDD international conference on Knowledge discovery and data mining},
	booktitle=	{Proceedings of the sixth ACM SIGKDD international conference on Knowledge discovery and data mining},
	publisher= 	{ACM},
	venue 	=	{Boston, Massachusetts, USA},
	month 	=	8,
	year 	=	{2000},
	isbn 	=	{1-58113-233-6}
}

@inproceedings{vfdt:kdd2000,
 	author 	= 	{Domingos, Pedro and Hulten, Geoff},
 	title 	= 	{Mining High-speed Data Streams},
 	booktitle 	= 	{Proceedings of the Sixth ACM SIGKDD International Conference on Knowledge Discovery and Data Mining},
 	series 	= 	{KDD '00},
 	year 	= 	{2000},
    month	=	aug,
 	isbn 	= 	{1-58113-233-6},
 	location 	= 	{Boston, Massachusetts, USA},
 	pages 	=	{71--80},
 	numpages 	= 	{10},
 	url 	= 	{http://doi.acm.org/10.1145/347090.347107},
 	doi 	= 	{10.1145/347090.347107},
 	acmid 	= 	{347107},
 	publisher 	= 	{ACM},
 	address 	= 	{New York, NY, USA},
 	keywords 	= 	{Hoeffding bounds, decision trees, disk-based algorithms, incremental learning, subsampling},
 	annote	=	{Présentation du système \texttt{VFDT} et description détaillée de l'usage de l'inégalité de Hoeffding pour optimiser des classificateurs incrémentaux (ici, les arbres de Hoeffding)}
} 

@article{Kosina:2015:VFD:2725270.2725381,
   author = {Kosina, Petr and Gama, Jo\~{a}o},
   title = {Very Fast Decision Rules for Classification in Data Streams},
   journal = {Data Mining and Knowledge Discovery},
   issue_date = {January   2015},
   volume = {29},
   number = {1},
   month = jan,
   year = {2015},
   issn = {1384-5810},
   pages = {168--202},
   numpages = {35},
   url = {http://dx.doi.org/10.1007/s10618-013-0340-z},
   doi = {10.1007/s10618-013-0340-z},
   acmid = {2725381},
   publisher = {Kluwer Academic Publishers},
   address = {Hingham, MA, USA},
   keywords = {Classification, Concept drift, Data streams, Rule learning},
	annote  = {Stratégies de clasification de \texttt{VFDR-base}; présentation des variantes \texttt{VFDR-OA} (classification multiclasse seul-contre-tous), \texttt{VFDR-MS} (multiset), et \texttt{AVFDR} (s'adapte à la dérive de concept).}
} 



